
 
\bibitem{livro1}
  Beltrano Cerqueira,
  \emph{Livro 1}.
DEE, UFRN, 2015.

\bibitem{livro2}
Cicrano Gon√ßalves,
\emph{Livro 2} DCA, UFRN, 2016.
  